<?xml version="1.0" encoding="UTF-8"?><collection xmlns="http://www.loc.gov/MARC21/slim"><record><leader>00384nam--2200133-i-4500</leader><controlfield tag="001">000041964</controlfield><controlfield tag="002">20161230</controlfield><controlfield tag="005">20161230201043</controlfield><controlfield tag="008">060222s1000------------r-----000-0-eng-d</controlfield><datafield ind1=" " ind2=" " tag="100"><subfield code="a">Smith,Gloria L. And Meyer,Robert S</subfield></datafield><datafield ind1=" " ind2=" " tag="245"><subfield code="a">Library use of computers. an introduction</subfield></datafield><datafield ind1=" " ind2=" " tag="260"><subfield code="a">New York, Special Libraries Association, 1969. Vi + 114 P</subfield></datafield><datafield ind1=" " ind2=" " tag="490"><subfield code="a">Sla Monograph</subfield></datafield><datafield ind1=" " ind2=" " tag="852"><subfield code="a">35809</subfield></datafield></record></collection>